<?xml version="1.0" encoding="UTF-8"?><collection xmlns="http://www.loc.gov/MARC21/slim"><record><leader>00407nam--2200133-i-4500</leader><controlfield tag="001">000035938</controlfield><controlfield tag="002">20161230</controlfield><controlfield tag="005">20161230201040</controlfield><controlfield tag="008">060222s1000------------r-----000-0-eng-d</controlfield><datafield ind1=" " ind2=" " tag="080"><subfield code="a">539.125.5</subfield></datafield><datafield ind1=" " ind2=" " tag="245"><subfield code="a">Nuclear science and technology. a series of monographs and textbooks. vol. v: space-time nuclear reactor kinetics</subfield></datafield><datafield ind1=" " ind2=" " tag="260"><subfield code="a">New York, Academic Press, 1961</subfield></datafield><datafield ind1=" " ind2=" " tag="700"><subfield code="a">Stacey, Weston M</subfield></datafield><datafield ind1=" " ind2=" " tag="852"><subfield code="a">17084</subfield></datafield></record></collection>